2725 4784
394 230 514 255 Α(

65 458 215 561 redacta
236 470 380 559 collatis,
400 474 489 543 mihi
509 474 609 545 hoc
597 476 770 546 invenisse
790 476 930 561 videor,
951 480 1119 547 nonnulla
1186 519 1189 526 ·
1222 489 1228 494 “

65 581 239 663 carmina,
261 604 333 647 ιιοιι
352 580 391 646 ιιι
411 580 556 695 integra,
577 581 639 649 sed
659 595 791 651 mutata
802 583 942 653 forma
930 608 969 651 ιιι
980 577 1118 676 cyclum
1171 578 1175 589 ’

65 700 215 779 recepta
235 684 358 768 fuisses
380 662 499 776 idque
506 688 558 785 ab
571 710 612 754 co
633 686 774 811 facturn,
798 690 858 779 qtu
867 692 1026 785 cyclum
1019 716 1117 761 com-

63 795 244 884 ponebat,
272 805 313 860 ut
331 793 504 887 plurimae
526 795 814 885 gravissimaeque
838 808 948 863 certe
943 823 1005 875 res
1032 824 1117 867 nar-
1158 816 1168 826 “

63 913 168 967 ratae
189 899 282 965 inter
301 924 339 967 se
360 899 601 984 convenirent3
624 926 735 991 eoque
756 904 899 970 consilio
921 904 1025 971 etiam
1041 904 1129 972 ιιι-ἴ
1171 941 1176 946 ·
1246 940 1251 943 ·

64 1007 168 1094 gulas
192 1005 385 1074 carminum
399 1018 513 1095 partes
534 1008 656 1095 ejectas
679 1020 762 1075 esse.
808 1009 952 1098 Quade
972 1033 1114 1101 repro-
1180 1081 1183 1086 ,

64 1111 199 1195 babili,
244 1110 290 1196 si,
334 1113 373 1179 ιιι
399 1137 471 1181 uno
500 1134 645 1202 corpore
677 1114 798 1203 epicos
831 1138 905 1183 esse
940 1115 1113 1201 collectos,
1198 1153 1202 1166 ι

63 1241 276 1310 persuasum
309 1220 409 1287 nobis
441 1219 624 1305 habemus,
668 1217 761 1286 infra
788 1220 850 1288 ubi
882 1219 927 1285 de
956 1218 1114 1308 singulo·
1214 1263 1217 1270 ι

63 1349 151 1404 rum
174 1312 367 1395 carminum
392 1322 592 1459 fragmentis
621 1324 821 1414 disseritur,
851 1325 986 1417 saepius
1007 1348 1114 1415 agen-s

63 1430 156 1555 dum
176 1431 256 1501 erit

483 1740 484 1755 χ
524 1676 557 1763 §.
600 1674 649 1747 v,
705 1678 742 1776 Ἰ

27 1909 30 1920 s
63 1841 136 1914 De
170 1800 233 1913 iis
259 1840 340 1937 qui
365 1784 552 1943 cgblum
585 1822 922 1940 composuisse}
964 1840 1021 1913 de
1055 1820 1111 1912 ec
1143 1868 1151 1899 τ

133 1964 390 2065 scripsisse
417 1972 497 2035 aut
520 1988 619 2075 cum
645 1990 700 2036 eo
726 1964 1052 2061 conjungendi
1128 2063 1131 2068 y

185 2082 201 2109 “
283 2114 291 2134 ι
389 2082 772 2167 ἰιιοιιιιιιιιιιιι
1152 2078 1157 2085 ’

152 2286 235 2354 Hoc
255 2252 359 2377 caput
380 2284 533 2355 omnium
561 2258 947 2377 difficillimum,7quum
972 2294 1008 2349 et
1027 2305 1112 2373 per·-
1171 2270 1174 2276 .
1259 2261 1261 2266 Ι
1292 2326 1339 2397 ,χ’

62 2414 177 2484 pauca
202 2405 298 2459 certa
329 2392 487 2479 nullique
514 2390 722 2472 dubitationi
750 2390 902 2458 obnoxia
930 2388 999 2455 dici
1024 2413 1109 2479 pos-

61 2500 153 2584 sint,
165 2510 212 2564 'et
231 2497 383 2593 plurima
405 2498 622 2592 conjecturis
629 2491 841 2587 minimeque
854 2495 1023 2586 ,gravibus
1035 2484 1110 2564 ⁴ve-

60 2618 183 2693 terum
200 2604 290 2671 locis
312 2604 477 2670 nitanturs
522 2603 610 2691 Quis
631 2624 717 2670 vero
730 2603 878 2693 ,primus
899 2602 1010 2669 multa
1030 2602 1107 2692 epi-

61 2736 103 2778 ra
127 2711 280 2778 carmina
298 2710 337 2776 in
358 2708 623 2799 cumredegerit
636 2706 807 2794 ordinem,
825 2720 995 2797 utlunum
1009 2704 1119 2800 quusi¹
1156 2792 1164 2798 .

62 2816 243 2883 effecerint
267 2838 407 2906 corpus,
432 2813 500 2881 dici
520 2814 584 2889 vix
604 2801 901 2905 potest3'fcrtasse
922 2810 993 2902 jani
1014 2813 1119 2880 Pisi·=
1199 2812 1203 2817 ’

61 2923 167 2991 strati
181 2936 349 3013 tempore,
370 2922 432 2991 ubi
446 2922 595 2989 Homeri
615 2916 768 2987 tiarmina
788 2918 942 3011 dispersa
960 2919 1000 2985 in
1020 2920 1105 2988 duas

61 3020 294 3111 collectiones
305 3029 610 3125 conjungebantur,
631 3027 702 3093 tale
719 3020 807 3133 quid
832 3038 872 3092 eu
886 3026 1006 3092 ceteris
1028 3049 1106 3092 car-

61 3134 233 3220 minibus
245 3134 400 3225 contigit.
451 3130 538 3234 Sed
569 3134 599 3201 si
630 3128 865 3253 conjecturas
872 3128 992 3199 missas
1017 3129 1105 3199 faci·
1117 3143 1120 3156 ’

62 3266 155 3326 mus,
176 3244 279 3309 etiam
294 3265 387 3333 nunc
406 3254 587 3311 auctorum
606 3254 766 3310 veterum
786 3215 991 3305 testimoniis
1012 3251 1105 3332 certe
1157 3254 1170 3332 ᾗ
1197 3255 1200 3262 ’

61 3346 207 3436 probari
226 3360 350 3438 potest,
375 3346 535 3415 multos
523 3370 563 3413 m
585 3347 640 3414 his
663 3344 801 3445 cyclicis
821 3342 1029 3411 carminibus
1044 3368 1105 3411 or·
1116 3394 1121 3402 .

64 3450 226 3521 dinandis
252 3444 548 3545 excerpendisque
575 3442 682 3533 fuisse
710 3462 908 3539 occupatos.
944 3449 1105 3517 laudatur
1147 3459 1150 3465 “
1182 3497 1186 3501 »

63 3558 160 3627 enim
180 3560 372 3651 Dionysius
397 3560 657 3649 cy'clographus,
678 3549 839 3645 laudqtur
851 3549 1029 3639 Polemon,
1051 3554 1106 3621 af-

61 3665 178 3733 fertur
204 3660 326 3748 κύκλοι
346 3665 495 3735 Homeri
517 3678 552 3731 et
571 3662 752 3752 Phaylli,
748 3674 784 3728 et
803 3654 1043 3730 Aristoteles
1029 3683 1106 3752 ipsc

62 3772 214 3862 cyclum·
229 3773 404 3863 scripsisse
429 3784 591 3840 narratur
617 3760 728 3837 tribus
755 3762 855 3834 libris
882 3780 1106 3848 constantem.
1129 3778 1147 3800 ·“

62 3880 226 3969 Singulos
265 3880 389 3969 igitur
403 3879 672 3961 consideremus,
706 3880 865 3959 veterulis
899 3866 1105 3951 testimoniis

36 3969 288 4082 ducentibus,
322 3985 371 4053 ita
388 3976 530 4070 ⁴tantan,
565 3998 606 4053 ut
632 3968 786 4071 semper,
823 3992 990 4067 quantum
1012 3978 1105 4045 mihi
1211 4070 1218 4077 .

59 4106 167 4162 notae
188 4104 281 4176 sunt,
303 4092 535 4159 recentiorum
557 4084 853 4180 disquisitionibus
876 4097 1027 4178 utamur.
1084 4123 1111 4157 ,ι
1162 4117 1165 4133 =

661 4200 897 4267 a
